% Encoding: UTF-8
  
@entry{distributionalDerivative,
   name={\ensuremath{Du}},
   description={distributional derivative}
}
@entry{distributionalDerivativeabsolutecontinuouspart,
   name={\ensuremath{D^{a}u}},
   description={absolutely continuous part of derivative}
}
@entry{distributionalDerivativeabsolutesigularpart,
  name={\ensuremath{D^{s}u}},
  description={singular part of derivative}
}
@entry{distributionalDerivativejumppart,
  name={\ensuremath{D^{j}u}},
  description={jump part of derivative}
}
@entry{distributionalDerivativecantorpart,
  name={\ensuremath{D^{c}u}},
  description={cantor part of derivative}
}
@entry{distributionalDerivativediffusepart,
  name={\ensuremath{\tilde{D}u}},
  description={diffuse part of derivative}
}
@entry{variation,
  name={\ensuremath{V(u,\Omega)}},
  description={variation of \ensuremath{u} in \ensuremath{\Omega}}
}
@entry{pvariation,
  name={\ensuremath{pV(u,I)}},
  description={pointwise variation of \ensuremath{u} in \ensuremath{I\subset \mathbb{R}}}
}
@entry{essentialvariation,
  name={\ensuremath{eV(u,I)}},
  description={essential variation of \ensuremath{u} in \ensuremath{I\subset \mathbb{R}}}
}
@entry{leftrightRepresentatives,
  name={\ensuremath{u^{l},u^{r}}},
  description={left and right representatives of \ensuremath{u}}
}
@entry{preciseRepresentatives,
  name={\ensuremath{u^{*}}},
  description={precise representatives of \ensuremath{u}}
}
@entry{perimeter,
  name={\ensuremath{P(E,\Omega)}},
  description={perimeter of \ensuremath{E} in \ensuremath{\Omega}}
}
@entry{mu,
  name={\ensuremath{\nu_{E}}},
  description={generalised inner normal to \ensuremath{E}}
}
@entry{reducedBoundary,
  name={\ensuremath{\mathcal{F}E}},
  description={reduced boundary of \ensuremath{E}}
}
@entry{essentialBoundary,
  name={\ensuremath{\partial^{*}E}},
  description={essential boundary of \ensuremath{E}}
}
@entry{setOfDensityPoints,
  name={\ensuremath{E^{t}}},
  description={set of points of density \ensuremath{t} of \ensuremath{E}}
}
@entry{approximateDiscontinuities,
  name={\ensuremath{S_{u}}},
  description={approximate discontinuity set of \ensuremath{E}}
}
@entry{approximateLimitofu,
  name={\ensuremath{\tilde{u}}},
  description={approximate limit of \ensuremath{u}}
}
@entry{approximateJumpofu,
  name={\ensuremath{J_{u}}},
  description={approximate jump set of \ensuremath{u}}
}
@entry{approximateUnitNormal,
  name={\ensuremath{\nu_{u}}},
  description={approximate unit normal to the jump set}
}
@entry{approximatelimitofthejumoPoint,
  name={\ensuremath{u^{+}, u^{-}}},
  description={approximate limits at jump points}
}
@entry{approximateDifferential,
  name={\ensuremath{\nabla{u}}},
  description={approximate differential of \ensuremath{u}}
}
