% Encoding: UTF-8
  
@entry{restriction,
 name={\ensuremath{f|_{E}}},
 description={restriction of \ensuremath{f} to \ensuremath{E\subset X}}
}
@entry{range,
  name={\ensuremath{im\,f}},
  description={range of \ensuremath{f}}
}
@entry{graph,
  name={\ensuremath{\Gamma_{f}}},
  description={graph of \ensuremath{f}}
}
@entry{positiveAndNegativePart,
  name={\ensuremath{f^{+}, f^{-}}},
  description={positive part \ensuremath{f \vee 0} and negative part \ensuremath{-(f \wedge 0)} of \ensuremath{f}}
}
@entry{meanValue,
  name={\ensuremath{\fint_{X}fd\mu}},
  description={mean value of \ensuremath{f} on \ensuremath{X}}
}
@entry{support,
  name={\ensuremath{supp\,f}},
  description={closure \ensuremath{\{x\in X: f(x)\not = 0\}}}
}
@entry{continiousfunc,
  name={\ensuremath{C(X)}},
  description={space of real continuous functions on the topological space \ensuremath{X}}
}
@entry{continiouscompactsuppfunc,
  name={\ensuremath{C_{c}(X)}},
  description={space of real continuous functions with compact support on \ensuremath{X}}
}
@entry{closureSpaces,
  name={\ensuremath{C_{0}(X)}},
  description={closure, in the sup norm, of \ensuremath{C_{c}(X)}}
}
@entry{alphaHolderspace,
  name={\ensuremath{C^{k,\alpha}(\Omega)}},
  description={space of real functions continuously derivable in \ensuremath{\Omega} up to the order \ensuremath{k\in \mathbb{N}}, with locally \ensuremath{\alpha}-HÃ¶lder continuous derivatives in \ensuremath{\Omega}}
} 
@entry{distributionalDerivative,
   name={\ensuremath{Du}},
   description={distributional derivative}
}
@entry{distributionalDerivativeabsolutecontinuouspart,
   name={\ensuremath{D^{a}u}},
   description={absolutely continuous part of derivative}
}
@entry{distributionalDerivativeabsolutesigularpart,
  name={\ensuremath{D^{s}u}},
  description={singular part of derivative}
}
@entry{distributionalDerivativejumppart,
  name={\ensuremath{D^{j}u}},
  description={jump part of derivative}
}
@entry{distributionalDerivativecantorpart,
  name={\ensuremath{D^{c}u}},
  description={cantor part of derivative}
}
@entry{distributionalDerivativediffusepart,
  name={\ensuremath{\tilde{D}u}},
  description={diffuse part of derivative}
}
@entry{variation,
  name={\ensuremath{V(u,\Omega)}},
  description={variation of \ensuremath{u} in \ensuremath{\Omega}}
}
@entry{pvariation,
  name={\ensuremath{pV(u,I)}},
  description={pointwise variation of \ensuremath{u} in \ensuremath{I\subset \mathbb{R}}}
}
@entry{essentialvariation,
  name={\ensuremath{eV(u,I)}},
  description={essential variation of \ensuremath{u} in \ensuremath{I\subset \mathbb{R}}}
}
@entry{leftrightRepresentatives,
  name={\ensuremath{u^{l},u^{r}}},
  description={left and right representatives of \ensuremath{u}}
}
@entry{preciseRepresentatives,
  name={\ensuremath{u^{*}}},
  description={precise representatives of \ensuremath{u}}
}
@entry{perimeter,
  name={\ensuremath{P(E,\Omega)}},
  description={perimeter of \ensuremath{E} in \ensuremath{\Omega}}
}
@entry{mu,
  name={\ensuremath{\nu_{E}}},
  description={generalised inner normal to \ensuremath{E}}
}
@entry{reducedBoundary,
  name={\ensuremath{\mathcal{F}E}},
  description={reduced boundary of \ensuremath{E}}
}
@entry{essentialBoundary,
  name={\ensuremath{\partial^{*}E}},
  description={essential boundary of \ensuremath{E}}
}
@entry{setOfDensityPoints,
  name={\ensuremath{E^{t}}},
  description={set of points of density \ensuremath{t} of \ensuremath{E}}
}
@entry{approximateDiscontinuities,
  name={\ensuremath{S_{u}}},
  description={approximate discontinuity set of \ensuremath{E}}
}
@entry{approximateLimitofu,
  name={\ensuremath{\tilde{u}}},
  description={approximate limit of \ensuremath{u}}
}
@entry{approximateJumpofu,
  name={\ensuremath{J_{u}}},
  description={approximate jump set of \ensuremath{u}}
}
@entry{approximateUnitNormal,
  name={\ensuremath{\nu_{u}}},
  description={approximate unit normal to the jump set}
}
@entry{approximatelimitofthejumoPoint,
  name={\ensuremath{u^{+}, u^{-}}},
  description={approximate limits at jump points}
}
@entry{approximateDifferential,
  name={\ensuremath{\nabla{u}}},
  description={approximate differential of \ensuremath{u}}
}

