% Encoding: UTF-8
  
@entry{borel,
  name={\ensuremath{\mathcal{B(X)}}},
  description={\ensuremath{\sigma}-algebra of Borel subsets of a topological space \ensuremath{X}}
}
@entry{radonmeasures,
  name={\ensuremath{[\mathcal{M}_{loc}(X)]^{m}}},
  description={the space of \ensuremath{\mathbb{R}^{m}}-valued Radon measures on \ensuremath{X}}
}
@entry{finiteradonmeasures,
  name={\ensuremath{[\mathcal{M}(X)]^{m}}},
  description={the space of \ensuremath{\mathbb{R}^{m}}-valued finite Radon measures on \ensuremath{\mathbb{X}}}
}
@entry{LebesgueMeseaure,
  name={\ensuremath{\mathcal{L}^{N}}},
  description={Lebesgue outer measure in \ensuremath{\mathbb{R}^{N}}}
}
@entry{hausdorffMeasure,
  name={\ensuremath{\mathcal{H}^{k}}},
  description={\ensuremath{k}-dimensional Hausdorff measure in \ensuremath{\mathbb{R}^{N}}}
}
@entry{sphericaldensitymeasure,
  name={\ensuremath{\Theta_{k}^{*}(\mu, x), \Theta_{k*}(\mu, x)}},
  description={upper and lower spherical \ensuremath{k}-dimensional densities of \ensuremath{\mu}}
}
@entry{sphericaldensityset,
  name={\ensuremath{\Theta_{k}^{*}(E, x), \Theta_{k*}(E, x)}},
  description={upper and lower spherical \ensuremath{k}-dimensional densities of \ensuremath{E}}
}
@entry{jacobian,
  name={\textbf{J}_{K}L},
  description={\ensuremath{k}-dimensional Jacobian of a linear map \ensuremath{L:\mathbb{R}^{N}\to \mathbb{R}^{k}}}
}
@entry{tangentSpace,
  name={\ensuremath{Tan^{k}(\mu, x)}},
  description={approximate tangent space to \ensuremath{\mu} at \ensuremath{x}}
}
@entry{restriccionmedida,
  name={\ensuremath{\mu\Radot E}},
  description={restriction of a measure \ensuremath{\mu} to a set \ensuremath{E}}
}
