@MISC{borel,
}

@MISC{radonmeasures,
}

@MISC{finiteradonmeasures,
}

@MISC{LebesgueMeseaure,
}

@MISC{hausdorffMeasure,
}

@MISC{sphericaldensitymeasure,
}

@MISC{sphericaldensityset,
}

@MISC{jacobian,
}

@MISC{tangentSpace,
}

