% Encoding: UTF-8
  
@entry{numbers,
 name={\ensuremath{\mathbb{N}}},
 description={natural, integer, rational and real numbers}
}
@entry{realextended,
 name={\ensuremath{\overline{\mathbb{R}}}},
 description={extended real line \ensuremath{\mathbb{R}\cup \{-\infty, \infty\}}}	
}
@entry{intervals,
  name={\ensuremath{(a,b), [a,b]}},
  description={open and closed intervals with endpoints \ensuremath{a,b\in\ensuremath{\overline{\mathbb{R}}}}}
}
@entry{minMax,
  name={\ensuremath{a\vee b, a\wedge b}},
  description={minimum and the maximum of \ensuremath{a} and \ensuremath{b}}
}
@entry{nEuclideanSpace,
  name={\ensuremath{\mathbb{R}^{N}, \mathbb{S}^{N-1}}},
  description={euclidean \ensuremath{N}-dimensional space and its unit sphere}
}
@entry{tensorProduct,
  name={a\ensuremath{\otimes}b},
  description={\ensuremath{m\times N} matrix with \ensuremath{(ij)}-th entry \ensuremath{a_{i}b_{j}} (for \ensuremath{a\in\mathbb{R}^{m}, b\in\mathbb{R}^{N}})}
}
