
@book{ambrosio2000functions,
title = {Functions of Bounded Variation and Free Discontinuity Problems},
author = {Ambrosio, L. and Fusco, N. and Pallara, D.},
year = {2000},
series = {Oxford University Press},
publisher= {Clarendon Press}
}

@book{evans1991measure,
title = {Measure Theory and Fine Properties of Functions},
author = {Evans, L.C. and Gariepy, R.F.},
year = {1991},
series={Studies in Advanced Mathematics},
publisher = {CRC Press}
}

@book{lin2002geometric,
  title={Geometric Measure Theory: An Introduction},
  author={Lin, F. and Yang, X.},
  series={Advanced mathematics},
  year={2002},
  publisher={Science Press}
}

@book{brezis2010functional,
  title={Functional analysis, Sobolev spaces and partial differential equations},
  author={Brezis, H.},
  year={2010},
  publisher={Springer Science \& Business Media}
}

@book{giusti1984minimal,
  title={Minimal surfaces and functions of bounded variation},
  author={Giusti, E. and Williams, G. H.},
  volume={2},
  number={3},
  year={1984},
  publisher={Springer}
}

@article{ambrosio2004special,
  title={Special functions of bounded variation in doubling metric measure spaces},
  author={Ambrosio, L. and Miranda Jr, M. and Pallara, D.},
  journal={Calculus of variations: topics from the mathematical heritage of E. De Giorgi},
  volume={14},
  pages={1--45},
  year={(2004)}
}

@article{ambrosio1990metric,
  title={Metric space valued functions of bounded variation},
  author={Ambrosio, L.},
  journal={Annali della Scuola Normale Superiore di Pisa-Classe di Scienze},
  volume={17},
  number={3},
  pages={439--478},
  year={(1990)}
}

@book{carrillo2017nonlocal,
  title={Nonlocal and Nonlinear Diffusions and Interactions: New Methods and Directions: Cetraro, Italy 2016},
  author={Carrillo, J. A. and Del Pino, M. and Figalli, A. and Mingione, G. and V{\'a}zquez, J. L.s},
  volume={2186},
  year={2017},
  publisher={Springer}
}

@article{perezmirando,
  title={Mirando hacia el futuro},
  author={Pérez, J.},
  journal={La Gaceta de la RSME},
  volume={17},
  number={2},
  year={(2014)},
  pages={361–382},
}

@article{torres2018dual,
  title={On the dual of BV},
  author={Torres, M.},
  journal={Contributions of Mexican Mathematicians Abroad in Pure and Applied Mathematics},
  volume={709},
  pages={115},
  year={(2018)},
  publisher={American Mathematical Soc.}
}

@article{ambrosio2013compactness,
  title={Compactness of special functions of bounded higher variation},
  author={Ambrosio, L. and Ghiraldin, F.},
  journal={Analysis and Geometry in Metric Spaces},
  volume={1},
  pages={1--30},
  year={(2013)},
  publisher={Versita}
}

@article{bartsch2010some,
  title={Some critical minimization problems for functions of bounded variations},
  author={Bartsch, T. and Willem, M.},
  journal={Journal of Functional Analysis},
  volume={259},
  number={11},
  pages={3025--3035},
  year={(2010)},
  publisher={Academic Press}
}

@article{alonsometodos,
  title={Métodos Variacionales y Ecuaciones en derivadas Parciales},
  author={Peral Alonso, I},
  journal={Curso. Departamento de Matemáticas, Universidad de Almería, España},
  year={(1998)}
}

@book{federer2014geometric,
  title={Geometric measure theory},
  author={Federer, H.},
  year={2014},
  publisher={Springer}
}

@book{falconer1986geometry,
  title={The geometry of fractal sets},
  author={Falconer, K.},
  volume={85},
  year={1986},
  publisher={Cambridge university press}
}

@book{falconer2004fractal,
  title={Fractal geometry: mathematical foundations and applications},
  author={Falconer, K.},
  year={2004},
  publisher={John Wiley \& Sons}
}

@article{ambrosio1990general,
  title={A general chain rule for distributional derivatives},
  author={Ambrosio, L. and Dal Maso, G.},
  journal={Proceedings of the American Mathematical Society},
  volume={108},
  number={3},
  pages={691--702},
  year={(1990)}
}

@article{de1988nuovo,
  title={Un nuovo tipo di funzionale del calcolo delle variazioni},
  author={De Giorgi, E. and Ambrosio, L.},
  journal={Atti della Accademia Nazionale dei Lincei. Classe di Scienze Fisiche, Matematiche e Naturali. Rendiconti Lincei. Matematica e Applicazioni},
  volume={82},
  number={2},
  pages={199--210},
  year={(1988)},
  publisher={Accademia Nazionale dei Lincei}
}

@article{alberti1997note,
  title={A Note on the Theory of SBV Functions},
  author={Mantegazza, G. and Mantegazza, C.},
  journal={Boll. Un. Mat. Ital},
  pages={375--382},
  year={(1997)}
}

@article{ambrosio1995new,
  title={A new proof of the SBV compactness theorem},
  author={Ambrosio, L.},
  journal={Calculus of Variations and Partial Differential Equations},
  volume={3},
  number={1},
  pages={127--137},
  year={(1995)},
  publisher={Springer}
}

@article{de1991free,
  title={Free discontinuity problems in calculus of variations},
  author={De Giorgi, E.},
  journal={Frontiers in pure and applied Mathematics, a collection of papers dedicated to J.L. Lions on the occasion of his 60th birthday},
  Pages = {55--62},
  year={(1991)},
  publisher={R. Dautray ed., North Holland},
}

@article{fonseca1997regularity,
  title={Regularity results for anisotropic image segmentation models},
  author={Fonseca, I. and Fusco, N.},
  journal={Annali della Scuola Normale Superiore di Pisa-Classe di Scienze},
  volume={24},
  number={3},
  pages={463--499},
  year={(1997)}
}

@article{ASNSP_1997_4_24_1_1_0,
     author = {Ambrosio, L. and Pallara, D.},
     title = {Partial regularity of free discontinuity sets, I},
     journal = {Annali della Scuola Normale Superiore di Pisa - Classe di Scienze},
     publisher = {Scuola normale superiore},
     volume = {Ser. 4, 24},
     number = {1},
     year = {(1997)},
     pages = {1-38},
     mrnumber = {1475771},
     language = {en},
     url = {http://www.numdam.org/item/ASNSP_1997_4_24_1_1_0}
}

@article{ASNSP_1997_4_24_1_39_0,
     author = {Ambrosio, L. and Fusco, N. and Pallara, D.},
     title = {Partial regularity of free discontinuity sets, II},
     journal = {Annali della Scuola Normale Superiore di Pisa - Classe di Scienze},
     publisher = {Scuola normale superiore},
     volume = {Ser. 4, 24},
     number = {1},
     year = {(1997)},
     pages = {39-62},
     zbl = {0896.49024},
     mrnumber = {1475772},
     language = {en},
     url = {http://www.numdam.org/item/ASNSP_1997_4_24_1_39_0}
}

@article{evans1998partial,
  title={Partial differential equations},
  author={Evans, L. C},
  journal={Providence, RI},
  year={(1998)}
}

@book{gilbarg2015elliptic,
  title={Elliptic partial differential equations of second order},
  author={Gilbarg, D. and Trudinger, N. S.},
  year={2015},
  publisher={springer}
}

@article{talenti1976best,
  title={Best constant in Sobolev inequality},
  author={Talenti, G.},
  journal={Annali di Matematica pura ed Applicata},
  volume={110},
  number={1},
  pages={353--372},
  year={(1976)},
  publisher={Springer}
}


@book{de1958sulla,
  title={Sulla propriet{\`a} isoperimetrica dell'ipersfera, nella classe degli insiemi aventi frontiera orientata di misura finita},
  author={De Giorgi, E.},
  series={Atti della Accademia Nazionale dei Lincei. Memorie. Cl. di scienze fisiche, matematiche e naturali. Sez. 1a},
  year={1958},
  publisher={Accademia Nazionale dei Lincei}
}

@article{de1989existence,
  title={Existence theorem for a minimum problem with free discontinuity set},
  author={De Giorgi, E and Carriero, M and Leaci, A},
  journal={Archive for Rational Mechanics and Analysis},
  volume={108},
  number={4},
  pages={195--218},
  year={(1989)},
  publisher={Springer}
}

@article{fleming1960integral,
  title={An integral formula for total gradient variation},
  author={Fleming, W. H. and Rishel, R.},
  journal={Archiv der Mathematik},
  volume={11},
  number={1},
  pages={218--222},
  year={(1960)},
  publisher={Springer}
}

@book{ambrosio2012calculus,
  title={Calculus of variations and partial differential equations: topics on geometrical evolution problems and degree theory},
  author={Ambrosio, L. and Dancer, N.},
  year={2012},
  publisher={Springer Science \& Business Media}
}

@book{morel2012variational,
  title={Variational methods in image segmentation: with seven image processing experiments},
  author={Morel, Jean-Michel and Solimini, Sergio},
  volume={14},
  year={2012},
  publisher={Springer Science \& Business Media}
}

@book{folland2013real,
  title={Real analysis: modern techniques and their applications},
  author={Folland, Gerald B},
  year={2013},
  publisher={John Wiley \& Sons}
}
@article{calderon1962differentiability,
  title={On the differentiability of functions which are of bounded variation in Tonelli's sense},
  author={Calder{\'o}n, Alberto Pedro and Zygmund, A},
  journal={Revista de la Uni{\'o}n Matem{\'a}tica Argentina},
  volume={20},
  pages={102--121},
  year={(1962)},
  publisher={Uni{\'o}n Matem{\'a}tica Argentina}
}
@article{tonelli1936sulle,
  title={Sulle funzioni di due variabili generalmente a variazione limitata},
  author={Tonelli, Leonida},
  journal={Annali della Scuola Normale Superiore di Pisa-Classe di Scienze},
  volume={5},
  number={3-4},
  pages={315--320},
  year={(1936)}
}
