% Encoding: UTF-8

@entry{in,
 name={\ensuremath{\in}},
 description={membership}
}
@entry{intersection,
 name={\ensuremath{\cap}},
 description={intersection}
}
@entry{setminuss,
 name={\ensuremath{\triangle}},
 description={simmetric difference}
}
@entry{union,
 name={\ensuremath{\cup}},
 description={union}
}
@entry{setminus,
 name={\ensuremath{\setminus}},
 description={set-theoretic difference}
}
@entry{inclusion,
  name={\ensuremath{\subset}},
  description={inclusion, not necessarily proper}
}

