% Encoding: UTF-8
  
@entry{numbers_s,
 name={\ensuremath{\mathbb{N}}},
 description={números naturales, enteros, racionales y números reales}
}
@entry{realextended_s,
 name={\ensuremath{\overline{\mathbb{R}}}},
 description={línea real extendida \ensuremath{\mathbb{R}\cup \{-\infty, \infty\}}}}
@entry{intervals_s,
  name={\ensuremath{(a,b), [a,b]}},
  description={intervalos abiertos y cerrados con puntos extremos \ensuremath{a,b\in\ensuremath{\overline{\mathbb{R}}}}}
}
@entry{minMax_s,
  name={\ensuremath{a\vee b, a\wedge b}},
  description={mínimo y máximo de \ensuremath{a} y \ensuremath{b}}
}
@entry{nEuclideanSpace_s,
  name={\ensuremath{\mathbb{R}^{N}, \mathbb{S}^{N-1}}},
  description={espacio euclídeo \ensuremath{N}-dimensional y su esfera unidad}
}
@entry{tensorProduct_s,
  name={a\ensuremath{\otimes}b},
  description={\ensuremath{m\times N} matriz con \ensuremath{(ij)}-th entrada \ensuremath{a_{i}b_{j}} (para \ensuremath{a\in\mathbb{R}^{m}, b\in\mathbb{R}^{N}})}
}
