% Encoding: UTF-8
  
@entry{restriction_s,
 name={\ensuremath{f|_{E}}},
 description={restrición de \ensuremath{f} a \ensuremath{E\subset X}}
}
@entry{range_s,
  name={\ensuremath{im\,f}},
  description={rango de \ensuremath{f}}
}
@entry{graph,
  name={\ensuremath{\Gamma_{f}}},
  description={grafo de \ensuremath{f}}
}
@entry{positiveAndNegativePart_s,
  name={\ensuremath{f^{+}, f^{-}}},
  description={parte positiva \ensuremath{f \vee 0} y parte negativa\ensuremath{-(f \wedge 0)} de \ensuremath{f}}
}
@entry{meanValue_s,
  name={\ensuremath{\fint_{X}fd\mu}},
  description={valor medio de \ensuremath{f} en \ensuremath{X}}
}
@entry{support_s,
  name={\ensuremath{supp\,f}},
  description={cierre de \ensuremath{\{x\in X: f(x)\not = 0\}}}
}
@entry{continiousfunc_s,
  name={\ensuremath{C(X)}},
  description={espacio de funciones reales continuas en el espacio topológico \ensuremath{X}}
}
@entry{continiouscompactsuppfunc_s,
  name={\ensuremath{C_{c}(X)}},
  description={espacio de funciones reales continuas con soporte compacto en \ensuremath{X}}
}
@entry{closureSpaces_s,
  name={\ensuremath{C_{0}(X)}},
  description={cierre, en la norma sup de \ensuremath{C_{c}(X)}}
}
@entry{alphaHolderspace_s,
  name={\ensuremath{C^{k,\alpha}(\Omega)}},
  description={espacio de funciones reales continuamente derivables en \ensuremath{\Omega} hasta el orden \ensuremath{k\in \mathbb{N}}, localmente \ensuremath{\alpha}-Hölder continuamente derivables en \ensuremath{\Omega}}
} 
@entry{distributionalDerivative_s,
   name={\ensuremath{Du}},
   description={derivada distribucional}
}
@entry{distributionalDerivativeabsolutecontinuouspart_s,
   name={\ensuremath{D^{a}u}},
   description={parte absolutamente continua de la derivada distribucional}
}
@entry{distributionalDerivativeabsolutesigularpart_s,
  name={\ensuremath{D^{s}u}},
  description={parte singular de la derivada distribucional}
}
@entry{distributionalDerivativejumppart_s,
  name={\ensuremath{D^{j}u}},
  description={parte de salto de la derivada distribucional}
}
@entry{distributionalDerivativecantorpart_s,
  name={\ensuremath{D^{c}u}},
  description={parte de cantor de la derivada distribucional}
}
@entry{distributionalDerivativediffusepart_s,
  name={\ensuremath{\tilde{D}u}},
  description={parte difusiva de la dereivada distribucional}
}
@entry{variation_s,
  name={\ensuremath{V(u,\Omega)}},
  description={variación de \ensuremath{u} en \ensuremath{\Omega}}
}
@entry{pvariation_s,
  name={\ensuremath{pV(u,I)}},
  description={variación puntual de \ensuremath{u} en \ensuremath{I\subset \mathbb{R}}}
}
@entry{essentialvariation_s,
  name={\ensuremath{eV(u,I)}},
  description={variación esencial de \ensuremath{u} en \ensuremath{I\subset \mathbb{R}}}
}
@entry{leftrightRepresentatives,
  name={\ensuremath{u^{l},u^{r}}},
  description={representante por la izquierda y por derecha de \ensuremath{u}}
}
@entry{preciseRepresentatives_s,
  name={\ensuremath{u^{*}}},
  description={representante preciso de \ensuremath{u}}
}
@entry{perimeter_s,
  name={\ensuremath{P(E,\Omega)}},
  description={perímetro de \ensuremath{E} en \ensuremath{\Omega}}
}
@entry{mu_s,
  name={\ensuremath{\nu_{E}}},
  description={normal interior generalizada \ensuremath{E}}
}
@entry{reducedBoundary_s,
  name={\ensuremath{\mathcal{F}E}},
  description={frontera reducida de \ensuremath{E}}
}
@entry{essentialBoundary_s,
  name={\ensuremath{\partial^{*}E}},
  description={frontera esencial de \ensuremath{E}}
}
@entry{setOfDensityPoints_s,
  name={\ensuremath{E^{t}}},
  description={conjunto de puntos de densidad \ensuremath{t} de \ensuremath{E}}
}
@entry{approximateDiscontinuities,
  name={\ensuremath{S_{u}}},
  description={conjunto de discontinuidad en sentido aproximado de \ensuremath{E}}
}
@entry{approximateLimitofu_S,
  name={\ensuremath{\tilde{u}}},
  description={límite aproximado de \ensuremath{u}}
}
@entry{approximateJumpofu_s,
  name={\ensuremath{J_{u}}},
  description={conjunto de salto en sentido aproximado de \ensuremath{u}}
}
@entry{approximateUnitNormal_s,
  name={\ensuremath{\nu_{u}}},
  description={normal unitaria en sentido aproximado del conjunto de salto}
}
@entry{approximatelimitofthejumoPoint_s,
  name={\ensuremath{u^{+}, u^{-}}},
  description={límites aproximados en puntos de salto}
}
@entry{approximateDifferential_s,
  name={\ensuremath{\nabla{u}}},
  description={diferencial aproximada de \ensuremath{u}}
}

