% Encoding: UTF-8
  
@entry{borel_s,
  name={\ensuremath{\mathcal{B(X)}}},
  description={\ensuremath{\sigma}-álgebra de los subconjuntos de Borel de un espacio topológico \ensuremath{X}}
}
@entry{radonmeasures_s,
  name={\ensuremath{[\mathcal{M}_{loc}(X)]^{m}}},
  description={espacio de las medidas de Radon en \ensuremath{X} que toman valores en \ensuremath{\mathbb{R}^{m}}}
}
@entry{finiteradonmeasures_s,
  name={\ensuremath{[\mathcal{M}(X)]^{m}}},
  description={espacio de las medidas de Radon en \ensuremath{\mathbb{X}} que toman valores en \ensuremath{\mathbb{R}^{m}}}
}
@entry{LebesgueMeseaure_s,
  name={\ensuremath{\mathcal{L}^{N}}},
  description={Medida de exterior de Lebesgue en \ensuremath{\mathbb{R}^{N}}}
}
@entry{hausdorffMeasure_s,
  name={\ensuremath{\mathcal{H}^{k}}},
  description={Medidad \ensuremath{k}-dimensional de Hausdorff en \ensuremath{\mathbb{R}^{N}}}
}
@entry{sphericaldensitymeasure_s,
  name={\ensuremath{\Theta_{k}^{*}(\mu, x), \Theta_{k*}(\mu, x)}},
  description={densidad esférica superior e inferior \ensuremath{k}-dimensional de \ensuremath{\mu}}
}
@entry{sphericaldensityset_s,
  name={\ensuremath{\Theta_{k}^{*}(E, x), \Theta_{k*}(E, x)}},
  description={densidad esférica superior e inferior \ensuremath{k}-dimensional de \ensuremath{E}}
}
@entry{jacobians_s,
  name={\textbf{J}_{K}L},
  description={Jacobiano \ensuremath{k}-dimensional de una aplicación lineal \ensuremath{L:\mathbb{R}^{N}\to \mathbb{R}^{k}}}
}
@entry{tangentSpace_s,
  name={\ensuremath{Tan^{k}(\mu, x)}},
  description={espacio de tangente aproximada a \ensuremath{\mu} en \ensuremath{x}}
}
@entry{restriccionmedida_s,
  name={\ensuremath{\mu\Radot E}},
  description={restricción de una medida \ensuremath{\mu} a un conjunto \ensuremath{E}}
}
