% Encoding: UTF-8

@entry{closure_s,
 name={\ensuremath{\overline{E}}},
 description={cierre topológico de \ensuremath{E}}
}
@entry{boundary_s,
 name={\ensuremath{\partial E}},
 description={frontera topológica de \ensuremath{E}}
}
@entry{strictlycompact_s,
 name={\ensuremath{E \subset \subset F}},
 description={\ensuremath{\overline{E}\subset F}, \ensuremath{\overline{E}} compacto}
}
@entry{ball_s,
 name={\ensuremath{B_{\varrho}(x)}},
 description={bola abierta centrada en \ensuremath{x} y radio \ensuremath{\varrho}}
}
@entry{distsetpoint_s,
 name={\ensuremath{\dist{x}{E}}},
 description={ínfimo de \ensuremath{d(x,y)} cuando \ensuremath{y} toma valores en \ensuremath{E}}
}
@entry{dilatation_s,
  name={\ensuremath{I_{\varrho}(E)}},
  description={\ensuremath{\varrho} vecindad abierta \ensuremath{\{x\in X : dist(x,E)< \varrho\}}}
}
@entry{distsetset_s,
  name={\ensuremath{dist(E,F)}},
  description={ínfimo de \ensuremath{d(x,y)} cuando \ensuremath{x} toma valores en \ensuremath{E} y \ensuremath{y} toma valores en \ensuremath{F}}
}
