% Encoding: UTF-8

@entry{in_s,
 name={\ensuremath{\in}},
 description={pertenencia}
}
@entry{intersection_s,
 name={\ensuremath{\cap}},
 description={intersección}
}
@entry{setminuss_s,
 name={\ensuremath{\triangle}},
 description={diferencia simétrica}
}
@entry{union_s,
 name={\ensuremath{\cup}},
 description={unión}
}
@entry{setminus_s,
 name={\ensuremath{\setminus}},
 description={diferencia de conjuntos}
}
@entry{inclusion_s,
  name={\ensuremath{\subset}},
  description={inclusión, not necessariamente propia}
}

